@book{haykin:RNA,
address = {Porto Alegre},
edition = {2. ed.},
title = {Redes neurais: princípios e prática},
publisher = {Bookman},
author = {Simon Haykin},
year = {2001}
}

@INPROCEEDINGS{Baccianella:Sentiwordnet3,
    author = {Stefano Baccianella and Andrea Esuli and Fabrizio Sebastiani},
    title = {SentiWordNet 3.0: An Enhanced Lexical Resource for Sentiment Analysis and Opinion Mining},
    booktitle = {in Proc. of LREC},
    year = {2010}
}

@article{Bai:Predicting,
title = "Predicting consumer sentiments from online text",
journal = "Decision Support Systems",
volume = "50",
number = "4",
pages = "732 - 742",
year = "2011",
note = "Enterprise Risk and Security Management: Data, Text and Web Mining",
author = "Xue Bai"
}

@article{zhu:ANN,
title = "Sentiment classification using the theory of ANNs",
journal = "The Journal of China Universities of Posts and Telecommunications",
volume = "17",
number = "1",
pages = "58 - 62",
year = "2010",
author = "Jian ZHU and Chen XU and Han-shi WANG"
}

@article{Chen:blogosphere,
title = "A neural network based approach for sentiment classification in the blogosphere",
journal = "Journal of Informetrics",
volume = "5",
number = "2",
pages = "313 - 322",
year = "2011",
author = "Long-Sheng Chen and Cheng-Hsiang Liu and Hui-Ju Chiu"
}



@BOOK{Hastie:learning,
  AUTHOR = {Hastie, Trevor and Tibshirani, Robert and Friedman, J. H.},
  TITLE = {The elements of statistical learning: data mining, inference, and prediction: with 200 full-color illustrations},
  YEAR = {2001},
  PAGES = {533},
  PUBLISHER = {New York: Springer-Verlag}
}


@article{twitter:stock,
title = "Twitter mood predicts the stock market",
journal = "Journal of Computational Science",
volume = "2",
number = "1",
pages = "1 - 8",
year = "2011",
author = "Johan Bollen and Huina Mao and Xiaojun Zeng"
}



@article{Linden:Amazon,
 author = {Linden, Greg and Smith, Brent and York, Jeremy},
 title = {Amazon.com Recommendations: Item-to-Item Collaborative Filtering},
 journal = {IEEE Internet Computing},
 volume = {7},
 issue = {1},
 month = {January},
 year = {2003},
 issn = {1089-7801},
 pages = {76--80},
 numpages = {5},
 publisher = {IEEE Educational Activities Department},
 address = {Piscataway, NJ, USA}
}


@article{Chen:Opinion,
    author = {Hsinchun Chen and David Zimbra},
    title = {AI and Opinion Mining},
    journal ={IEEE Intelligent Systems},
    volume = {25},
    number = {4},
    year = {2010},
    pages = {74-80},
    month = {May-June}
}


@article{Chen:Opinion2,
    author = {Hsinchun Chen and David Zimbra},
    title = {AI and Opinion Mining, Part 2},
    journal ={IEEE Intelligent Systems},
    volume = {25},
    number = {4},
    year = {2010},
    pages = {72-79},
    month = {July-Aug}
}

@article{abbasi:IFS,
    author = {Ahmed Abbasi},
    title = {Intelligent Feature Selection for Opinion Classification},
    journal ={IEEE Intelligent Systems},
    volume = {25},
    number = {4},
    year = {2010},
    pages = {75-79},
    month = {July-Aug}
}



@article{abbasi:FRN,
    author = {Ahmed Abbasi and Stephen France and Zhu Zhang and Hsinchun Chen},
    title = {Selecting Attributes for Sentiment Classification Using Feature Relation Networks},
    journal = {IEEE Transactions on Knowledge and Data Engineering},
    year={2011},
    month={march },
    volume={23},
    number={3},
    pages={447 -462}
}

@ARTICLE{Pang08:Survey,
  AUTHOR =       {Bo Pang and Lillian Lee},
  TITLE =        {Opinion Mining and Sentiment Analysis},
  JOURNAL =      {Foundations and Trends in Information Retrieval},
  YEAR =         {2008},
  volume =       {2},
  number =       {1-2},
  pages =        {1-135}
}

@article{Dang:Lexicon,
    author = {Yan Dang and Yulei Zhang and HsinChun Chen},
    title = {A Lexicon-Enhanced Method for Sentiment Classification: An Experiment on Online Product Reviews},
    journal ={IEEE Intelligent Systems},
    volume = {25},
    issn = {1541-1672},
    year = {2010},
    pages = {46-53}
}

@inproceedings{Li:Framework,
     author = {Li, Shoushan and Xia, Rui and Zong, Chengqing and Huang, Chu-Ren},
     title = {A framework of feature selection methods for text categorization},
     booktitle = {Proceedings of the 47th Annual Meeting of the ACL},
     year = {2009},
     pages = {692-700}
}


@inproceedings{OKeefe:Weighting,
     author = {O'Keefe, Tim and Koprinska, Irena},
     title = {Feature Selection and Weighting Methods in Sentiment Analysis},
     booktitle = {Proceedings of the Australasian Document Computing Symposium},
     year = {2009},
     pages = {67-74}
}

@inproceedings{Lin:Joint,
     author = {Lin, Chenghua and He, Yulan},
     title = {Joint sentiment/topic model for sentiment analysis},
     booktitle = {Proceedings of the 18th ACM Conference on Information and Knowledge Management},
     year = {2009},
     pages = {375-384}

}

@InProceedings{Raychev:Language,
  author    = {Raychev, Veselin  and  Nakov, Preslav},
  title     = {Language-Independent Sentiment Analysis Using Subjectivity and Positional Information},
  booktitle = {Proceedings of the International Conference RANLP-2009},
  year      = {2009},
  pages     = {360-364}
}


@inproceedings{Whitelaw:Appraisal,
     author = {Whitelaw, Casey and Garg, Navendu and Argamon, Shlomo},
     title = {Using appraisal groups for sentiment analysis},
     booktitle = {Proceedings of the 14th ACM International Conference on Information and Knowledge Management},
     year = {2005},
     location = {Bremen, Germany},
     pages = {625-631}
}

@INPROCEEDINGS{McCallum:Comparison,
    author = {Andrew McCallum and Kamal Nigam},
    title = {A comparison of event models for Naive Bayes text classification},
    booktitle = {Proceedings of the AAAI-98 Workshop on Learning for Text Categorization},
    year = {1998},
    pages = {41-48}
}

@InProceedings{Pang02:ThumbsUp,
  author =       {Bo Pang and Lillian Lee and Shivakumar Vaithyanathan},
  title =        {Thumbs up?  Sentiment Classification using Machine Learning Techniques},
  booktitle =    {Proceedings of the 2002 Conference on Empirical Methods in Natural Language Processing},
  pages =          {79-86},
  year =         {2002}
}

@INPROCEEDINGS{Pang04:Subjectivity,
  author = {Bo Pang and Lillian Lee},
  title = {A Sentimental Education: Sentiment Analysis Using Subjectivity Summarization Based on Minimum Cuts},
  booktitle = {Proceedings of the Association for Computational Linguistics},
  year = {2004},
  pages = {271-278}
}


@INPROCEEDINGS{Hu:Customer,
  author = {Minqing Hu and Bing Liu},
  title = {Mining and summarizing customer reviews},
  booktitle = {Proceedings of the ACM SIGKDD Conference on Knowledge Discovery and Data Mining},
  year = {2004},
  pages = {168-177}
}

@INPROCEEDINGS{Titov:Aspect,
    author = {Ivan Titov and Ryan Mcdonald},
    title = {A Joint Model of Text and Aspect Ratings for Sentiment Summarization},
    booktitle = {Proceedings of the Association for Computational Linguistics},
    year = {2008},
    pages = {308-316}
}

@INPROCEEDINGS{Blitzer:Biographies,
  author = {John Blitzer and Mark Dredze and Fernando Pereira},
  title = {Biographies, {Bollywood}, Boom-boxes and Blenders: Domain Adaptation for Sentiment Classification},
  booktitle = {Proceedings of the Association for Computational Linguistics},
  year = {2007},
  pages = {440-447}
}

@ARTICLE{LDA:Blei,
  author = {David M. Blei and Andrew Y. Ng and Michael I. Jordan},
  title = {Latent {Dirichlet} Allocation},
  journal = {Journal of Machine Learning Research},
  year = {2003},
  volume = {3},
  pages = {993-1022}
}

@ARTICLE{Lovins:Development,
  author = {Julie Beth Lovins},
  title = {Development of a Stemming Algorithm},
  journal = {Mechanical Translation and Computational Linguistic},
  year = {1968},
  pages = {22-31}
}

@InProceedings{Paltoglou:Retrieval,
  author = {Georgios Paltoglou and Mike Thelwall},
  title = {A study of Information Retrieval weighting schemes for sentiment analysis},
  journal = {Proceedings of 48th Annual Meeting of the Association for Computational Linguistics},
  year = {2010},
  pages = {1386-1395}
}

@InProceedings{Hatzivassiloglou:Predicting,
  author = {V. Hatzivassiloglou and K. McKeown},
  title = {Predicting the Semantic Orientation of Adjectives},
  journal = {Proceedings of the 35th Annual Meeting of the Association for Computational Linguistics},
  year = {1997},
  pages = {174-181}
}

@InProceedings{Yang:comparative,
  author = {Y. Yang and J. Pedersen},
  title = {A comparative study on feature selection in text categorization},
  journal = {Proceedings of the 14th International Conference on Machine Learning},
  year = {1997}
}
@InProceedings{Weibe:Learning,
  author = {J. Weibe},
  title = {Learning subjective adjectives from corpora},
  journal = {Proceedings of the National Conference on Artificial Intelligence},
  year = {2000}
}
@InProceedings{Turney:Thumbs,
  author = {P. Turney},
  title = {Thumbs up or thumbs down? Semantic orientation applied to unsupervised classification of reviews},
  journal = {Proceedings of the Association for Computational Linguistics},
  year = {2002}
}

@InProceedings{Zaidan:Rationales,
  author    = {Omar F. Zaidan  and  Jason Eisner  and  Christine Piatko},
  title     = {Using "Annotator Rationales" to Improve Machine Learning for Text Categorization},
  booktitle = {Proceedings of the Association for Computational Linguistics},
  year      = {2007},
  pages     = {260-267}
}

@book{Manning:IR,
    author = {Christopher Manning and Prabhakar Raghavan and Hinrich Schütze},
    title = {Introduction to information retrieval},
    publisher = {Cambridge University Press},
    address = {New York},
    year = {2008}
}

@article{Sebastiani:TextCateg,
 author = {Sebastiani, Fabrizio},
 title = {Machine learning in automated text categorization},
 journal = {ACM Computing Surveys},
 volume = {34},
 issue = {1},
 month = {March},
 year = {2002},
 pages = {1-47}
}


@article{weka:2009,
 author = {Mark Hall and Eibe Frank and Geoffrey Holmes and Bernhard Pfahringer and Peter Reutemann and Ian H. Witten},
 title = {The WEKA Data Mining Software: An Update},
 journal = {SIGKDD Explorations},
 volume = {11},
 issue = {1},
 year = {2009}
}

@article{Burges:svm,
title = "A Tutorial on Support Vector Machines for Pattern Recognition",
journal = "Data Mining and Knowledge Discovery",
volume = "2",
pages = "121-167",
year = "1998",
author = "CHRISTOPHER J.C. BURGES"
}

@manual{Beale:matlab,
    author = {Mark Hudson Beale, Martin T. Hagan and Howard B. Demuth},
    title = {Matlab Neural Network Toolbox 7 Users Guide},
    year = {2011}
}

@article{Porter:stemmer,
    author = {M.F. Porter},
    title = {An algorithm for suffix stripping},
    journal ={Program},
    volume = {14},
    number = {3},
    year = {1980},
    pages = {130-137},
    month = {July}
}

@ONLINE{Porter:snowball,
author = {M.F. Porter},
title = {Snowball: A language for stemming algorithms},
year = {2001},
url = {http://snowball.tartarus.org/texts/introduction.html}
}

@book{Weiss:textMining,
    author = {Sholom Weiss, Nitin Indurkhya, Tong Zhang and Fred Damerau.},
    title = {Text Mining: Predictive Methods for Analyzing Unstructured Information},
    publisher = {Springer},
    year = {2005}
}

@book{Liu:dataMining,
    author = {Bing Liu.},
    title = {Web Data Mining},
    publisher = {Springer},
    year = {2007}
}
@article{Tang:so,
 author = {Tang, Huifeng and Tan, Songbo and Cheng, Xueqi},
 title = {A survey on sentiment detection of reviews},
 journal = {Expert Syst. Appl.},
 month = {September},
 year = {2009},
 pages = {10760--10773},
 numpages = {14},
publisher = {Pergamon Press, Inc.},
 address = {Tarrytown, NY, USA},
}
