@MASTERSTHESIS{Paulo:Intro,
  AUTHOR =       {Paulo Roberto Miranda Meirelles},
  TITLE =        {Monitoramento de métricas de código-fonte
em projetos de software livre
},
  SCHOOL =       {Instituto de Matemática e Estatística
da Universidade de São Paulo},
  YEAR =         {2013},
  type =         {Tese de doutorado},
  address =      {São Paulo},
  month =        {Maio}
}

@MASTERSTHESIS{Bergeron:Static,
  AUTHOR =       {J. Bergeron, M. Debbabi, J. Desharnais,
M. M. Erhioui, Y. Lavoie and N. Tawbi},
  TITLE = {Static Detection of Malicious Code
in Executable Programs
},
  SCHOOL =       {Département d’informatique Université Laval},
  YEAR =         {2009},
  address =      {Canada},
  month =        {January}
}


@MASTERSTHESIS{Opportunities,
  AUTHOR =       {Herbert Prahofer, Florian Angerer, Rudolf Ramler, Hermann Lacheiner, Friedrich Grillenberger},
  TITLE = {Opportunities and Challenges of Static Code Analysis of IEC 61131-3 Programs 
},
  SCHOOL =       {IEEE International Conference on Emerging Technologies and Factory Automation, ETFA},
  YEAR =         {2012},
  address =      {Austria}
}

@book{Novatec:Qualidade,
    author = {André Koscianski and Michel dos Santos Soares.},
    title = {Qualidade de Software:
Aprenda as metodologias e técnicas mais modernas
para o desenvolvimento de software},
    publisher = {Novatec},
    year = {2007}
}

@book {Pressaman:Abordagem,
    author = {Pressman, Roger S.},
    title = {Software Engineering: A Practitioner's Approach},
    publisher = {AMGH}, 
    year = {2011}
}

@book {Ruby:Refactoring,
    author = {Jay Fields, Shane Harvie, Martin Fowler and Kent Beck.},
    title = {Refactoring: Ruby Edition},
    publisher = {Addison-Wesley Professional},
    year = {2009}
}

@book {Grady:Clean,
    author = {Robert C Martin.},
    title = {Clean Code: A Handbook of Agile Software Craftsmanship},
    publisher = {Prentice Hall},
    year = {2009}
}
