@MASTERSTHESIS{Paulo:Intro,
  AUTHOR =       {Paulo Roberto Miranda Meirelles},
  TITLE =        {Monitoramento de métricas de código-fonte
em projetos de software livre
},
  SCHOOL =       {Instituto de Matemática e Estatística
da Universidade de São Paulo},
  YEAR =         {2013},
  type =         {Tese de doutorado},
  address =      {São Paulo},
  month =        {Maio}
}

@MASTERSTHESIS{Climate,
AUTHOR = {Guilherme Côrtes Silva, Wander Antunes Gaspar Valente},
TITLE = {Avaliação da Qualidade de Código
em Ruby on Rails com Code Climate},
SCHOOL = {Centro de Ensino Superior de Juiz de Fora},
YEAR = {2015},
address = {Juiz de Fora – MG}
}


@article{almeida2010codigo,
  title={C{\'o}digo Limpo e seu Mapeamento para M{\'e}tricas de C{\'o}digo Fonte},
  author={Almeida, Lucianna Thomaz and Miranda, Jo{\~a}o Machini},
  journal={Monografia de Gradua{\c{c}}{\~a}o em Ci{\^e}ncia da Computa{\c{c}}{\~a}o. Universidade de S{\~a}o Paulo. Dispon{\'\i}vel em:< http://www. ime. usp. br/\~{} cef/mac499-10/monografias/lucianna-joao/arquivos/monografia. pdf},
  year={2010}
}

@MASTERSTHESIS{RC,
AUTHOR = {Guilherme Reis de Micaelo Simões},
TITLE = {Automação da análise de qualidade
de código},
SCHOOL  = {FCTUC - Faculdade de Ciências e Tecnologia Universidade de Coimbra},
YEAR = {2014}}

@MASTERSTHESIS{Opportunities,
  AUTHOR =       {Herbert Prahofer, Florian Angerer, Rudolf Ramler, Hermann Lacheiner, Friedrich Grillenberger},
  TITLE = {Opportunities and Challenges of Static Code Analysis of IEC 61131-3 Programs 
},
  SCHOOL =       {IEEE International Conference on Emerging Technologies and Factory Automation, ETFA},
  YEAR =         {2012},
  address =      {Austria}
}


@MASTERSTHESIS{RubyLanguage,
  AUTHOR =       {Michael Furr, Jong-hoon (David) An, Jeffrey S. Foster, Michael Hicks},
  TITLE = {The Ruby Intermediate Language
},
  SCHOOL =       {Universidade de Brasília - UnB
Faculdade UnB Gama - FGA},
  YEAR =         {2015},
  address =      {Brasília, DF}
}

@MASTERSTHESIS{Ribeiro,
  AUTHOR =       {Athos Coimbra Ribeiro},
  TITLE = {Análise Estática de Código-Fonte com Foco em
Segurança: Metodologia Para Avaliação de
Ferramentas
},
  SCHOOL =       {University of Maryland, College Park},
  YEAR =         {2009},
  address =      {EUA}
}

@MASTERSTHESIS{Analysis,
AUTHOR = {Prähofer, H., Angerer, F., Ramler, R., Lacheiner, H., Grillenberger, F.}, TITLE = {Opportunities and challenges of static code analysis of IEC 61131-3 programs},  YEAR = {2012}}

@article{de2016estudo,
  title={Estudo e Avalia{\c{c}}{\~a}o de Boas Pr{\'a}ticas de Engenharia de Software para o Desenvolvimento de um Sistema Web Visando a Melhoria da Produtividade e Manutenibilidade},
  author={de Oliveira, Thiago Barros},
  year={2016}
}

@article{bachle2007ruby,
  title={Ruby on rails},
  author={B{\"a}chle, Michael and Kirchberg, Paul},
  journal={IEEE software},
  volume={24},
  number={6},
  year={2007},
  publisher={IEEE}
}

@book{Novatec:Qualidade,
    author = {André Koscianski and Michel dos Santos Soares.},
    title = {Qualidade de Software:
Aprenda as metodologias e técnicas mais modernas
para o desenvolvimento de software},
    publisher = {Novatec},
    year = {2007}
}

@book {Pressaman:Abordagem,
    author = {Pressman, Roger S.},
    title = {Software Engineering: A Practitioner's Approach},
    publisher = {AMGH}, 
    year = {2011}
}

@book {Ruby:Refactoring,
    author = {Jay Fields, Shane Harvie, Martin Fowler and Kent Beck.},
    title = {Refactoring: Ruby Edition},
    publisher = {Addison-Wesley Professional},
    year = {2009}
}

@book {RFR, 
    author = {David A. Black},
    title = {Ruby for Rails},
    publisher = {MANNING},
    year = {2006}
}

@misc{CodeClimate,
  title = {Code Climate},
  howpublished = {\url{https://codeclimate.com/about}},
  note = {Accessed: 2017-11-05},
    key = {CC Site}
}

@misc{RoR, 
  title = {Ruby on Rails},
  howpublished = {\url{http://rubyonrails.org/}},
  note = {Accessed: 2017-10-26},
    key = {Ruby on Rails Site}
}

@misc{RB, title = {Ruby Language}, 
  howpublished = {\url{ https://www.ruby-lang.org/}}, 
  note = {Accessed: 2017-10-15} ,
    key = {Ruby Site}
}

@misc{TIOBE, title = {{TIOBE} the software quality company}, 
    howpublished = {\url{https://www.tiobe.com/tiobe-index/}},
    note = {Accessed: 2017-11-13},
    key = {TIOBE Index}
}

@misc{GIT, title = {GitHub}, 
howpublished = {\url{https://github.com/}},
    key = {GitHub Site} }

@misc{Projects, title = {Most Rated Ruby projects on GitHub}, howpublished = {\url{https://github.com/search?o=desc&q=ruby&s=stars&type=Repositories&utf8=\%E2\%9C\%93}},
    key = {Starred Projects Repository}
}

@misc{GitLab, title = {GitLab}, howpublished = {\url{https://docs.gitlab.com/ce/}},
    key = {GitLab Site}}
    
    @misc{PYPL, title = {PYPL}, howpublished = {http://pypl.github.io/PYPL.html}},
    key = {PYPL Site}}
    

    @misc{RubyTiobe, title = {Index {Ruby} on {TIOBE}}, howpublished = {\url{
https://www.tiobe.com/tiobe-index/ruby/}}, note = {Accessed: 2017-10-3},key = {TIOBE Ruby Index}}

@inproceedings{piveta2005bad,
  title={Bad smells em sistemas orientados a aspectos},
  author={Piveta, Eduardo Kessler and Hecht, Marcelo and Pimenta, Marcelo Soares and Price, Roberto Tom},
  booktitle={Brazilian Symposium on Software Engineering, SBES 2005, Uberlandia-Brasil},
  year={2005}
}

@article{teixeira2007avaliaccao,
  title={Avalia{\c{c}}{\~a}o de Ferramentas de An{\'a}lise Est{\'a}tica de C{\'o}digo para Detec{\c{c}}{\~a}o de Vulnerabilidades},
  author={Teixeira, Emanuel and Antunes, Jo{\~a}o and Neves, Nuno},
  journal={Proceedings of the Seguran{\c{c}}a Inform{\'a}tica nas Organiza{\c{c}}{\~o}es},
  year={2007},
  publisher={SINO}
}

@inproceedings{rocha2017integraccao,
  title={INTEGRA{\c{C}}{\~A}O CONT{\'I}NUA E CONTROLE DE VERS{\~A}O: UMA REVIS{\~A}O SISTEM{\'A}TICA},
  author={Rocha, Fabio Gomes and Menezes, Pablo Marques and Junior, Methanias Cola{\c{c}}o Rodrigues and do Nascimento, Rog{\'e}rio Patr{\'\i}cio Chagas and de Oliveira, Adicin{\'e}ia Aparecida},
  booktitle={14th CONTECSI-International Conference on Information Systems and Technology Management},
  year={2017}
}

@article{da2012revisao,
  title={Revis{\~a}o sistem{\'a}tica da evolu{\c{c}}{\~a}o MVC na base ACM},
  author={da Silva, Val{\'e}ria Martins},
  year={2012}
}


@article{freitas2000metodo,
  title={O m{\'e}todo de pesquisa survey},
  author={Freitas, Henrique and Oliveira, M{\'\i}rian and Saccol, Amarolinda Zanela and Moscarola, Jean},
  journal={Revista de Administra\&ccdeil; {\~a}o da Universidade de S{\~a}o Paulo},
  volume={35},
  number={3},
  year={2000}
}

@article{carnevalli2001desenvolvimento,
  title={Desenvolvimento da pesquisa de campo, amostra e question{\'a}rio para realiza{\c{c}}{\~a}o de um estudo tipo survey sobre a aplica{\c{c}}{\~a}o do QFD no Brasil},
  author={Carnevalli, Jos{\'e} Antonio and Miguel, Paulo Augusto Cauchick},
  journal={ENCONTRO NACIONAL DE ENGENHARIA DE PRODU{\c{C}}{\~A}O},
  volume={1},
  year={2001}
}

@phdthesis{gil2014desenvolvimento,
  title={Desenvolvimento de p{\'a}ginas web na disciplina de programa{\c{c}}{\~a}o e sistemas de informa{\c{c}}{\~a}o: perce{\c{c}}{\~a}o de boas pr{\'a}ticas de programa{\c{c}}{\~a}o},
  author={Gil, Filipe Jo{\~a}o Cerdeira},
  year={2014}
}

@article{del2015analyzing,
  title={Analyzing best practices on Web development frameworks: The lift approach},
  author={del Pilar Salas-Z{\'a}rate, Mar{\'\i}a and Alor-Hern{\'a}ndez, Giner and Valencia-Garc{\'\i}a, Rafael and Rodr{\'\i}guez-Mazahua, Lisbeth and Rodr{\'\i}guez-Gonz{\'a}lez, Alejandro and Cuadrado, Jos{\'e} Luis L{\'o}pez},
  journal={Science of Computer Programming},
  volume={102},
  pages={1--19},
  year={2015},
  publisher={Elsevier}
}

@article{stamelos2002code,
  title={Code quality analysis in open source software development},
  author={Stamelos, Ioannis and Angelis, Lefteris and Oikonomou, Apostolos and Bleris, Georgios L},
  journal={Information Systems Journal},
  volume={12},
  number={1},
  pages={43--60},
  year={2002},
  publisher={Wiley Online Library}
}

@article{aniche2015boas,
  title={Boas e M{\'a}s Pr{\'a}ticas no Desenvolvimento Web com MVC: Resultados de Um Question{\'a}rio com Profissionais},
  author={Aniche, Maur{\'\i}cio F and Gerosa, Marco A}
}

@inproceedings{bird2011don,
  title={Don't touch my code!: examining the effects of ownership on software quality},
  author={Bird, Christian and Nagappan, Nachiappan and Murphy, Brendan and Gall, Harald and Devanbu, Premkumar},
  booktitle={Proceedings of the 19th ACM SIGSOFT symposium and the 13th European conference on Foundations of software engineering},
  pages={4--14},
  year={2011},
  organization={ACM}
}

@article{pereira2016proposta,
  title={Proposta de Implanta{\c{c}}{\~a}o das Pr{\'a}ticas de C{\'o}digo Limpo em um Ambiente {\'A}gil},
  author={Pereira, Luiz Henrique Secco and Ferreira, Alisson},
  journal={Revista de P{\'o}s-Gradua{\c{c}}{\~a}o da Faculdade Cidade Verde},
  volume={2},
  number={1},
  year={2016}
}


@phdthesis{gharachorlu2014code,
  title={Code smells in Cascading Style Sheets: an empirical study and a predictive model},
  author={Gharachorlu, Golnaz},
  year={2014},
  school={University of British Columbia}
}

@article{assisimpacto,
  title={O IMPACTO DAS BOAS PR{\'A}TICAS DE PROGRAMA{\c{C}}{\~A}O NO GERENCIAMENTO DE MEM{\'O}RIA NO JAVA},
  author={Assis, SP}
}

@article{miranda2016inferencia,
  title={Infer{\^e}ncia de Tipos em Ruby: Uma compara{\c{c}} ao entre t{\'e}cnicas de an{\'a}lise est{\'a}tica e din{\^a}mica},
  author={Miranda, Sergio and Valente, Marco Tulio and Terra, Ricardo},
  year={2016}
}

@phdthesis{teixeira2007ferramenta,
  title={Ferramenta de an{\'a}lise de c{\'o}digo para detec{\c{c}}{\~a}o de vulnerabilidades},
  author={Teixeira, Emanuel Pedro Loureiro},
  year={2007},
  school={Disserta{\c{c}}{\~a}o (Mestrado)—Engenharia Inform{\'a}tica, Departamento de Inform{\'a}tica, Universidade de Lisboa, 2007. Citado na}
}


@book{gamma1995design,
  title={Design patterns: elements of reusable object-oriented software},
  author={Gamma, Erich},
  year={1995},
  publisher={Pearson Education India}
}

@book{martin2006agile,
  title={Agile principles, patterns, and practices in C},
  author={Martin, Robert C and Martin, Micah},
  year={2006},
  publisher={Pearson Education}
}

@article{regedor2013role,
  title={The role of best practices to appraise open source software},
  author={Regedor, Miguel and da Cruz, Daniela and Henriques, Pedro},
  journal={Electronic Communications of the EASST},
  volume={48},
  year={2013}
}

@article{domingos2014estudo,
  title={Estudo da forma{\c{c}}{\~a}o de engenheiros e suas representa{\c{c}}{\~o}es sociais: universidade, ci{\^e}ncia, tecnologia e sociedade},
  author={Domingos, Bianca Siqueira Martins and Mello, Adilson da Silva and Ribeiro, Rosinei Batista},
  journal={Janus},
  volume={10},
  number={17},
  year={2014}
}

@book{martin2009clean,
  title={Clean code: a handbook of agile software craftsmanship},
  author={Martin, Robert C},
  year={2009},
  publisher={Pearson Education}
}

@book{fowler1999refactoring,
  title={Refactoring: improving the design of existing code},
  author={Fowler, Martin and Beck, Kent},
  year={1999},
  publisher={Addison-Wesley Professional}
}